<record><leader>00000cas a22000007a 4500</leader><controlfield tag="001">11638815</controlfield><controlfield tag="008">850130d18741876ohudn ne      0    0eng d</controlfield><datafield ind1=" " ind2=" " tag="010"><subfield code="a">sn 84028691 </subfield></datafield><datafield ind1=" " ind2=" " tag="040"><subfield code="a">NPY</subfield><subfield code="b">eng</subfield><subfield code="c">NPY</subfield><subfield code="d">ONP</subfield><subfield code="d">OCLCQ</subfield></datafield><datafield ind1=" " ind2=" " tag="042"><subfield code="a">msc</subfield></datafield><datafield ind1="0" ind2="0" tag="245"><subfield code="a">Daily herald and empire.</subfield></datafield><datafield ind1=" " ind2=" " tag="260"><subfield code="a">Dayton, Ohio :</subfield><subfield code="b">John. G. Doren &amp; Co.,</subfield><subfield code="c">1874-1876.</subfield></datafield><datafield ind1=" " ind2=" " tag="300"><subfield code="a">v. ;</subfield><subfield code="c">58 cm.</subfield></datafield><datafield ind1=" " ind2=" " tag="310"><subfield code="a">Daily (except Sun.)</subfield></datafield><datafield ind1="0" ind2=" " tag="362"><subfield code="a">Apr. 6, 1874-Aug. 12, 1876.</subfield></datafield><datafield ind1=" " ind2=" " tag="500"><subfield code="a">"Democratic." Cf. Gutgesell, S. Guide to Ohio newspapers, 1974.</subfield></datafield><datafield ind1="1" ind2=" " tag="700"><subfield code="a">Doren, John G.</subfield></datafield><datafield ind1=" " ind2=" " tag="752"><subfield code="a">United States</subfield><subfield code="b">Ohio</subfield><subfield code="c">Montgomery</subfield><subfield code="d">Dayton.</subfield></datafield><datafield ind1="0" ind2="0" tag="780"><subfield code="t">Evening herald (Dayton, Ohio : 1869)</subfield><subfield code="w">(DLC)sn 84028690</subfield></datafield><datafield ind1="0" ind2="4" tag="785"><subfield code="t">Dayton Democrat</subfield><subfield code="w">(DLC)sn8807070284</subfield></datafield><datafield ind1="1" ind2=" " tag="029"><subfield code="a">AU@</subfield><subfield code="b">000025797906</subfield></datafield></record>